% Styl cytowania:
% Nazwisko I. (1999): Tytuł - Gdzie, Co, Strony
% Gosiewski Z. (1999):
% Magnetic Bearings for Rotated Machines. Control and Experimants. — Warsaw:  Sci. Library of the Aviation Institute (in Polish).
% Grega  W.  (1997):
% Time-critical integrated  control  and  design systems. — Proc. Int. Conf. Methods and Models in Automatics and Robotics,Miedzyzdroje, Poland, pp. 665–670

@article{hardware-accelerator,
author = {Hyo-Kyun Jeong, Yong-Jin Jeong},
title = {Design of {Hough} transform hardware accelerator
for Lane detection},
journaltitle = {•},
year = {2013},
}

@article{kapruziak,
author = {Mariusz Kapruziak},
title = {Zmodyfikowana zrandomizowana transformata {Hougha} w strukturze {FPGA}},
journaltitle = {PAK vol. 57, nr 8/2011},
year = {2011},
}


@thesis{inz-canny,
author = {Adam Żelazowski},
title = {Implementacja sprzętowa wybranych operacji przetwarzania
wstępnego obrazu: wyrównywania histogramu, filtracji medianowej oraz
wykrywania krawędzi metodą Canny.},
type = {Praca magisterska},
institution = {Kraków},
year = {2015}
}

@book{athans-falb,
  title={Optimal Control: An Introduction to the Theory and Its Applications},
  author={Michael Athans, Peter L. Falb},
  year={1966},
  publisher={Courier Corporation}
}



@book{Bania,
  title={Algorytmy sterowania optymalnego w nieliniowej regulacji predykcyjnej},
  author={Piotr Bania },
  year={2008},
  publisher={AGH}
}

@book{Turnau,
  title={Sterowanie docelowe układami nieliniowymi w czasie rzeczywistym - algorytmy inteligentne i optymalnoczasowe},
  author={Andrzej Turnau},
  year={2002},
  publisher={Wydawnictwa AGH}
}

@online{policja,
	author = "",
	title = "Wypadki drogowe - raporty roczne, dostęp 01.06.2016",
	year = {2016},
	url = "http://statystyka.policja.pl/st/ruch-drogowy/76562,Wypadki-drogowe-raporty-roczne.html",
	note = "http://statystyka.policja.pl/st/ruch-drogowy/76562,Wypadki-drogowe-raporty-roczne.html"
}


\end{thebibliography}